<record xmlns='http://www.loc.gov/MARC21/slim'><leader>01192cam a2200313 i 4500</leader><controlfield tag='001'>8539536</controlfield><controlfield tag='005'>20201013142323.0</controlfield><controlfield tag='008'>131201s1946    enka     b    001 0 eng d</controlfield><datafield ind1='1' ind2=' ' tag='019'><subfield code='a'>3997918</subfield></datafield><datafield ind1=' ' ind2=' ' tag='020'><subfield code='a'>071003024X</subfield></datafield><datafield ind1=' ' ind2=' ' tag='035'><subfield code='a'>(OCoLC)217245994</subfield></datafield><datafield ind1=' ' ind2=' ' tag='040'><subfield code='a'>SFU</subfield><subfield code='b'>eng</subfield><subfield code='e'>rda</subfield><subfield code='c'>ANL</subfield></datafield><datafield ind1='0' ind2='4' tag='082'><subfield code='a'>155.4</subfield></datafield><datafield ind1='1' ind2=' ' tag='100'><subfield code='a'>Koffka, Kurt,</subfield><subfield code='d'>1886-1941,</subfield><subfield code='e'>author.</subfield></datafield><datafield ind1='1' ind2='4' tag='245'><subfield code='a'>The growth of the mind :</subfield><subfield code='b'>an introduction to child-psychology /</subfield><subfield code='c'>by K. Koffka ; translated by Robert Morris Ogden.</subfield></datafield><datafield ind1=' ' ind2=' ' tag='250'><subfield code='a'>2nd edition, revised</subfield></datafield><datafield ind1=' ' ind2='1' tag='264'><subfield code='a'>London : Kegan Paul, Trench, Trubner &amp; Co.</subfield><subfield code='c'>1946.</subfield></datafield><datafield ind1=' ' ind2=' ' tag='300'><subfield code='a'>xix, 426 pages :</subfield><subfield code='b'>illustrations ;</subfield><subfield code='c'>22 cm.</subfield></datafield><datafield ind1=' ' ind2=' ' tag='336'><subfield code='a'>text</subfield><subfield code='2'>rdacontent</subfield></datafield><datafield ind1=' ' ind2=' ' tag='337'><subfield code='a'>unmediated</subfield><subfield code='2'>rdamedia</subfield></datafield><datafield ind1=' ' ind2=' ' tag='338'><subfield code='a'>volume</subfield><subfield code='2'>rdacarrier</subfield></datafield><datafield ind1='0' ind2=' ' tag='490'><subfield code='a'>International Library of Psychology Philosophy and Scientific Method</subfield></datafield><datafield ind1=' ' ind2=' ' tag='504'><subfield code='a'>Includes bibliographical references (pages 389-414) and index.</subfield></datafield><datafield ind1=' ' ind2=' ' tag='514'><subfield code='a'>Last copy of this item within Australia.</subfield></datafield><datafield ind1=' ' ind2='0' tag='650'><subfield code='a'>Learning, Psychology of.</subfield></datafield><datafield ind1=' ' ind2='0' tag='650'><subfield code='a'>Child psychology.</subfield></datafield><datafield ind1=' ' ind2='0' tag='650'><subfield code='a'>Educational psychology.</subfield></datafield><datafield ind1=' ' ind2='0' tag='830'><subfield code='a'>International library of psychology, philosophy, and scientific method.</subfield></datafield><datafield ind1=' ' ind2='0' tag='830'><subfield code='a'>Hallstrom Pacific Collection.</subfield><subfield code='5'>ANL</subfield></datafield></record>